@Article{S11,
	author = {Shapiro, A.},
	title = {Analysis of Stochastic DualDynamic Programming Method},
	journal = {European Journal of Operational Research},
	year = {2011},
	volume = {209},
	number = {1},
	pages = {63-72}
}

@Article{DM09,
	author = {Dimitrov, N. B. and Morton, D. P.},
	title = {Combinatorial Design of a Stochastic Markov Decision Process},
	journal = {Operations Research and Cyber-Infrastructure},
	year = {2009},
	pages = {167-193},
}

@Article{RDM13,
	author = {Rengarajan, T., Dimitrov, N. B. and Morton, D. P.},
	title = {Convex Approximations of a Probabilistic Bicriteria Model with Disruptions},
	journal = {INFORMS Journal on Computing},
	year = {2013},
	volume = {25},
	number = {1},
	pages = {147-160}
}

@InProceedings{LDK95,
	author = {Littman, M. L., Dean, T. L. and Kaelbling, L. P.},
	title = {On the Complexity of Solving Markov Decision Problems},
	booktitle = {Proceedings of the Eleventh Annual Conference on Uncertainty in Artificial Intelligence},
	year = {1995},
}

@Book{P94,
	author = {Puterman, M. L.},
	title = {Markov Decision Processes},
	publisher = {John Wiley and Sons},
	year = {1994}
}

@Article{T90,
	author = {Tseng, P.},
	title = {Solving H-Horizon, Stationary Markov Decision Problems in Time Proportional to Log(H)},
	journal = {Operations Research Letters},
	year = {1990},
	volume = {9},
	number = {5},
	pages = {287-297}
}

@Article{G78,
	author = {Gaivoronskii, A. A.},
	title = {Nonstationary Stochastic programming problems},
	journal = {Cybernetics and Systems Analysis},
	year = {1978},
	volume = {14},
	number = {4},
	pages = {575-579}
}

@Article{BGZ15,
	author = {Basbes, O., Gur, Y. and Zeevi, A.},
	title = {Non-Stationary Stochastic Optimization},
	journal = {Operations Research},
	year = {2015},
	volume = {63},
	number = {5},
	pages = {1227-1244}
}

