@book{Elmaghraby77,
  title={Activity networks: project planning and control by network models},
  author={Elmaghraby, S.E.},
  isbn={9780471238614},
  lccn={77009501},
  series={Wiley-Interscience publication},
  year={1977},
  publisher={Wiley}
}

@article{zou2016nested,
	title={Nested Decomposition of Multistage Stochastic Integer Programs with Binary State Variables},
	author={Zou, J. and Ahmed, S. and Sun, X.A.},
	year={2016}
}

@article{laporte1993integer,
	title={The integer L-shaped method for stochastic integer programs with complete recourse},
	author={Laporte, G. and Louveaux, F.V.},
	journal={Operations Research Letters},
	volume={13},
	number={3},
	pages={133-142},
	year={1993},
	publisher={Elsevier}
}
@article{lokketangen1996progressive,
	title={Progressive hedging and tabu search applied to mixed integer (0, 1) multistage stochastic programming},
	author={L{\o}kketangen, A. and Woodruff, D.L.},
	journal={Journal of Heuristics},
	volume={2},
	number={2},
	pages={111-128},
	year={1996},
	publisher={Springer}
}

@article{morton2009sealift,
	title = {A Stochastic Program For Optimizing Military Sealift Subject To Attack},
	author = {Salmeron, J. and Wood, R.K. and Morton, D.P.},
	journal = {Military Operations Research},
	volume = {14},
	number = {2},
	pages = {19 - 39},
	year = {2009}
}

@book{yu2004disruptionmgt,
	author = {Yu, G. and Qi, X.},
	title = {Disruption Management: Framework, Models and Applications},
	year = {2009},
	publisher = {World Scientific Publishing Co. Pte. Ltd.}
}

@article{kelley1961criticalpath,
	title = {Critical-path planning and scheduling: Mathematical basis},
	author = {Kelly Jr, J.E.},
	year = {1961},
	journal = {Operations Research},
	volume = {9},
	number = {3},
	pages = {296 - 320}
}

@article{fulkerson1961network,
	title = {A network flow computation for project cost curves},
	author = {Fulkerson, D.R.},
	year = {1961},
	journal = {Management Science},
	volume = {7},
	number = {2},
	pages = {167 - 178}
}

@book{nemhauser1988integer,
	title={Integer Programming and Combinatorial Optimization},
	author={Nemhauser, G. L. and Wolsey, L. A.},
	year={1992},
	publisher={Springer}
}

@article{soderlund2004building,
	title={Building theories of project management: past research, questions for the future},
	author={S{\"o}derlund, J.},
	journal={International Journal of Project Management},
	volume={22},
	number={3},
	pages={183--191},
	year={2004},
	publisher={Elsevier}
}

@article{van1963letter,
	title={Letter to the Editorâ€”Monte Carlo Methods and the PERT Problem},
	author={Van Slyke, R. M.},
	journal={Operations Research},
	volume={11},
	number={5},
	pages={839--860},
	year={1963},
	publisher={INFORMS}
}

@article{burt1971conditional,
	title={Conditional Monte Carlo: A simulation technique for stochastic network analysis},
	author={Burt Jr, J. M. and Garman, M. B.},
	journal={Management Science},
	volume={18},
	number={3},
	pages={207--217},
	year={1971},
	publisher={INFORMS}
}

@article{kim2007heuristic,
	title={A heuristic for optimizing stochastic activity networks with applications to statistical digital circuit sizing},
	author={Kim, S. and Boyd, S. P. and Yun, S. and Patil, D. D. and Horowitz, M. A.},
	journal={Optimization and Engineering},
	volume={8},
	number={4},
	pages={397--430},
	year={2007},
	publisher={Springer}
}

@article{aghaie2009ant,
	title={Ant colony optimization algorithm for stochastic project crashing problem in PERT networks using MC simulation},
	author={Aghaie, Abdollah and Mokhtari, Hadi},
	journal={The International Journal of Advanced Manufacturing Technology},
	volume={45},
	number={11},
	pages={1051--1067},
	year={2009},
	publisher={Springer}
}
@article{ke2014genetic,
	title={A genetic algorithm-based optimizing approach for project time-cost trade-off with uncertain measure},
	author={Ke, Hua},
	journal={Journal of Uncertainty Analysis and Applications},
	volume={2},
	number={1},
	pages={8},
	year={2014},
	publisher={Springer}
}

@article{fisher2004lagrangian,
	title={The Lagrangian relaxation method for solving integer programming problems},
	author={Fisher, M. L.},
	journal={Management Science},
	volume={50},
	number={12\_supplement},
	pages={1861--1871},
	year={2004},
	publisher={INFORMS}
}